%
% BibTex Database
% ===========================================================================
% This is part of the document "Project documentation template".
% Authors: brd3
%

@booklet{sanghavi:formal_verification,
  author = {Alok Sanghave},
  title = {What is formal verification?},
}

@misc{Stainless,
  author = "{Stainless official website}",
  url = {http://stainless.epfl.ch/},
}

@misc{Stainless:introduction,
  author = "{Stainless documentation}",
  title = {{Introduction}},
  url = {https://epfl-lara.github.io/stainless/intro.html},
}

@misc{Stainless:tutorial,
  author = "{Stainless documentation}",
  title = {{Tutorial: sorting}},
  url = {https://epfl-lara.github.io/stainless/tutorial.html},
}

@misc{Stainless:github,
  author = "{Source code of Stainless}",
  url = {https://github.com/epfl-lara/stainless},
}

@misc{Stainless:pure_scala,
  author = "{Stainless documentation}",
  title = {{Pure Scala}},
  url = {https://epfl-lara.github.io/stainless/purescala.html},
}

@misc{Stainless:imperative,
  author = "{Stainless documentation}",
  title = {{Imperative}},
  url = {https://epfl-lara.github.io/stainless/imperative.html},
}

@misc{Stainless:library,
  author = "{Stainless documentation}",
  title = {{Stainless library}},
  url = {https://epfl-lara.github.io/stainless/library.html}
}

@misc{BitcoinSProject,
  author = "{Source code of Bitcoin-S}",
  url = {https://github.com/bitcoin-s},
}

@misc{BitcoinSCore:txbuilderexample,
  title = {{Transaction Builder Example}},
  url = {https://github.com/bitcoin-s/bitcoin-s/blob/master/docs/core/txbuilder.md},
}

@misc{cve201817144,
  title = {{Bitcoin Core Bug CVE-2018â€“17144: An Analysis}}
  url = {https://hackernoon.com/bitcoin-core-bug-cve-2018-17144-an-analysis-f80d9d373362}
}